<?xml version="1.0" encoding="utf-8"?>
<record xmlns="http://www.loc.gov/MARC21/slim" xmlns:xsi="http://www.w3.org/2001/XMLSchema-instance" xsi:schemaLocation="http://www.loc.gov/MARC21/slim http://www.loc.gov/standards/marcxml/schema/MARC21slim.xsd">
	<leader>     nam a22     Mi 4500</leader>
	<controlfield tag="001">b12706917</controlfield>
	<controlfield tag="003">UaCaAUL</controlfield>
	<controlfield tag="006">m        d        </controlfield>
	<controlfield tag="007">cr cn |||m|||a</controlfield>
	<controlfield tag="008">191028s1924    ua      ob    000 0 ara d</controlfield>
	<datafield ind1=" " ind2=" " tag="040">
		<subfield code="a">ZYU</subfield>
		<subfield code="b">ara</subfield>
		<subfield code="e">rda</subfield>
		<subfield code="c">ZYU</subfield>
	</datafield>
	<datafield ind1=" " ind2=" " tag="043">
		<subfield code="a">f-ua---</subfield>
	</datafield>
	<datafield ind1=" " ind2=" " tag="090">
		<subfield code="a">HQ125.E6</subfield>
		<subfield code="b">F3x 1924</subfield>
	</datafield>
	<datafield ind1="1" ind2=" " tag="100">
		<subfield code="6">880-01</subfield>
		<subfield code="a">Faraj, Fakhrī Mīkhāʼīl,</subfield>
		<subfield code="e">author.</subfield>
	</datafield>
	<datafield ind1="1" ind2="0" tag="245">
		<subfield code="6">880-02</subfield>
		<subfield code="a">Taqrīr ʻan Intishār al-bighāʼ wa-al-amrāḍ al-tanāsulīyah bi-al-quṭr al-Miṣrī :</subfield>
		<subfield code="b">wa-baʻḍ al-ṭuruq al-mumkin ittibāʻuhā li-muḥārabatihimā /</subfield>
		<subfield code="c">marfūʻ ilá ḥaḍrat ṣāḥib al-jalālah al-malik wa-li-ḥukūmatihi al-jalīlah min al-duktūr Fakhrī, ṭabīb al-Jild wa-al-amrāḍ al-tanāsulīyah.</subfield>
	</datafield>
	<datafield ind1=" " ind2="1" tag="264">
		<subfield code="6">880-03</subfield>
		<subfield code="a">[Cairo] :</subfield>
		<subfield code="b">al-Maṭbaʻah al-ʻAṣrīyah li-ṣāḥibahā Ilyās Anṭūn Ilyās,</subfield>
		<subfield code="c">[1924]</subfield>
	</datafield>
	<datafield ind1=" " ind2=" " tag="300">
		<subfield code="a">online resource (127 pages)</subfield>
	</datafield>
	<datafield ind1=" " ind2=" " tag="336">
		<subfield code="a">text</subfield>
		<subfield code="2">rdacontent</subfield>
	</datafield>
	<datafield ind1=" " ind2=" " tag="337">
		<subfield code="a">computer</subfield>
		<subfield code="2">rdamedia</subfield>
	</datafield>
	<datafield ind1=" " ind2=" " tag="338">
		<subfield code="a">online resource</subfield>
		<subfield code="2">rdacarrier</subfield>
	</datafield>
	<datafield ind1=" " ind2=" " tag="500">
		<subfield code="a">Part of the Arabic Collections Online (ACO) project, contributed by American University in Cairo Library.</subfield>
	</datafield>
	<datafield ind1=" " ind2=" " tag="504">
		<subfield code="a">Includes bibliographical references.</subfield>
	</datafield>
	<datafield ind1=" " ind2=" " tag="533">
		<subfield code="a">Electronic reproduction.</subfield>
		<subfield code="b">New York, N.Y. :</subfield>
		<subfield code="c">New York University,</subfield>
		<subfield code="d">2019.</subfield>
		<subfield code="5">NNU</subfield>
	</datafield>
	<datafield ind1=" " ind2="0" tag="650">
		<subfield code="a">Prostitution</subfield>
		<subfield code="z">Egypt.</subfield>
	</datafield>
	<datafield ind1=" " ind2="7" tag="650">
		<subfield code="a">Prostitution.</subfield>
		<subfield code="2">fast</subfield>
		<subfield code="0">(OCoLC)fst01079562</subfield>
	</datafield>
	<datafield ind1=" " ind2="7" tag="651">
		<subfield code="a">Egypt.</subfield>
		<subfield code="2">fast</subfield>
		<subfield code="0">(OCoLC)fst01208755</subfield>
	</datafield>
	<datafield ind1="2" ind2=" " tag="710">
		<subfield code="a">American University in Cairo.</subfield>
		<subfield code="b">Library.</subfield>
	</datafield>
	<datafield ind1="0" ind2=" " tag="730">
		<subfield code="a">Arabic Collections Online.</subfield>
	</datafield>
	<datafield ind1="0" ind2="8" tag="776">
		<subfield code="i">Print version:</subfield>
		<subfield code="a">Faraj, Fakhrī Mīkhāʼīl, author.</subfield>
		<subfield code="t">Taqrīr ʻan Intishār al-bighāʼ wa-al-amrāḍ al-tanāsulīyah bi-al-quṭr al-Miṣrī</subfield>
		<subfield code="w">(UaCaAUL)b12706917</subfield>
		<subfield code="w">(OCoLC)60498622</subfield>
	</datafield>
	<datafield ind1="4" ind2="0" tag="856">
		<subfield code="u">http://hdl.handle.net/2333.1/gtht7gf7</subfield>
	</datafield>
	<datafield ind1="1" ind2=" " tag="880">
		<subfield code="6">100-01</subfield>
		<subfield code="a">فرج، فخري ميخائيل.</subfield>
	</datafield>
	<datafield ind1="1" ind2="0" tag="880">
		<subfield code="6">245-02</subfield>
		<subfield code="a">تقرير عن انتشار البغاء والأمراض التناسلية بالقطر المصري :</subfield>
		<subfield code="b">وبعض الطرق الممكن اتباعها لمحاربتهما /</subfield>
		<subfield code="c">مرفوع إلى حضرة صاحب الجلالة الملك ولحكومته الجليلة من الدكتور فخري، طبيب الجلد والأمراض التناسلية.</subfield>
	</datafield>
	<datafield ind1=" " ind2="1" tag="880">
		<subfield code="6">264-03</subfield>
		<subfield code="a">[Cairo] :</subfield>
		<subfield code="b">المطبعة العصرية لصاحبها الياس انطون الياس،</subfield>
		<subfield code="c">[1924]</subfield>
	</datafield>
	<datafield ind1=" " ind2=" " tag="959">
		<subfield code="a">NNU</subfield>
		<subfield code="b">WEB</subfield>
		<subfield code="c">GENI</subfield>
		<subfield code="t">0</subfield>
		<subfield code="m">Electronic access</subfield>
		<subfield code="s">01</subfield>
	</datafield>
	<datafield ind1=" " ind2=" " tag="999">
		<subfield code="i">UaCaAUL_b12706917</subfield>
		<subfield code="o">(OCoLC)ocm60498622</subfield>
		<subfield code="s">auc_aco000762</subfield>
		<subfield code="s">auc_aco000762</subfield>
	</datafield>
</record>
